% This file was created with JabRef 2.8.1.
% Encoding: UTF8

@ARTICLE{requirementsGuide,
  author = {Stig Andersen},
  title = {Den gode kravspecifikation},
  year = {2006},
  pages = {3},
  month = {May},
  note = {\url{http://www.infoark.dk/article.php?alias=kravspec}},
  owner = {Martin},
  timestamp = {2013.02.22},
  url = {\url{http://www.infoark.dk/article.php?alias=kravspec}}
}

@MISC{def-board-game,
  author = {wise{Geeks}},
  title = {What is a board game?},
  howpublished = {\url{http://www.wisegeek.com/what-is-a-board-game.htm}},
  note = {(2013-02-12)},
  owner = {Obeid},
  timestamp = {2013.02.13},
  url = {http://www.wisegeek.com/what-is-a-board-game.htm}
}

@MISC{chessrules,
  author = {Chess.com},
  title = {Learn to Play Chess},
  howpublished = {\url{http://www.chess.com/learn-how-to-play-chess}},
  note = {(2013-02-13)},
  owner = {Simon Buus},
  timestamp = {2013.02.13},
  url = {http://www.chess.com/learn-how-to-play-chess}
}

@MISC{def-board-game,
  author = {wise{Geeks}},
  title = {What is a board game?},
  howpublished = {\url{http://www.wisegeek.com/what-is-a-board-game.htm}},
  note = {(2013-02-12)},
  owner = {Obeid},
  timestamp = {2013.02.13},
  url = {http://www.wisegeek.com/what-is-a-board-game.htm}
}
